<?xml version="1.0" encoding="UTF-8"?><record xmlns="http://www.loc.gov/MARC21/slim" xmlns:cinclude="http://apache.org/cocoon/include/1.0" xmlns:zs="http://www.loc.gov/zing/srw/">
  <leader>00550cz  a2200145n  4500</leader>
  <controlfield tag="001">n  81008895 </controlfield>
  <controlfield tag="003">DLC</controlfield>
  <controlfield tag="005">20090118075438.0</controlfield>
  <controlfield tag="008">810202n| acannaabn          |b ana      </controlfield>
  <datafield tag="010" ind1=" " ind2=" ">
    <subfield code="a">n  81008895 </subfield>
  </datafield>
  <datafield tag="035" ind1=" " ind2=" ">
    <subfield code="a">(OCoLC)oca00554899</subfield>
  </datafield>
  <datafield tag="040" ind1=" " ind2=" ">
    <subfield code="a">DLC</subfield>
    <subfield code="b">eng</subfield>
    <subfield code="c">DLC</subfield>
    <subfield code="d">OCoLC</subfield>
  </datafield>
  <datafield tag="110" ind1="1" ind2=" ">
    <subfield code="a">Italy.</subfield>
    <subfield code="b">Aeronautica.</subfield>
    <subfield code="b">Gruppo autonomo bombardamento a tuffo, 97th</subfield>
  </datafield>
  <datafield tag="410" ind1="1" ind2=" ">
    <subfield code="w">nna</subfield>
    <subfield code="a">Italy.</subfield>
    <subfield code="b">Aeronautica.</subfield>
    <subfield code="b">97. gruppo autonomo bombardamento a tuffo</subfield>
  </datafield>
  <datafield tag="670" ind1=" " ind2=" ">
    <subfield code="a">Borgiotti, A. 97. gruppo autonomo ... 1980 (subj.)</subfield>
    <subfield code="b">t.p. (Aeronautica ... 97. gruppo autonomo bombardamento a tuffo)</subfield>
  </datafield>
</record>